<record><leader>00000cas a22000007a 4500</leader><controlfield tag="001">12234165</controlfield><controlfield tag="008">850705d18761882iauwr ne      0    0eng d</controlfield><datafield ind1=" " ind2=" " tag="010"><subfield code="a">sn 85050838 </subfield></datafield><datafield ind1=" " ind2=" " tag="040"><subfield code="a">INP</subfield><subfield code="b">eng</subfield><subfield code="c">INP</subfield><subfield code="d">OCLCQ</subfield></datafield><datafield ind1=" " ind2=" " tag="042"><subfield code="a">msc</subfield></datafield><datafield ind1="0" ind2="4" tag="245"><subfield code="a">The Blairstown independent.</subfield></datafield><datafield ind1="3" ind2="0" tag="246"><subfield code="a">Independent</subfield></datafield><datafield ind1=" " ind2=" " tag="260"><subfield code="a">Blairstown, Iowa :</subfield><subfield code="b">J.P. Wallace</subfield></datafield><datafield ind1=" " ind2=" " tag="300"><subfield code="a">v. :</subfield><subfield code="b">ill. (chiefly advertisements) ;</subfield><subfield code="c">50-64 cm.</subfield></datafield><datafield ind1=" " ind2=" " tag="310"><subfield code="a">Weekly</subfield></datafield><datafield ind1="1" ind2=" " tag="362"><subfield code="a">Began in 1876; ceased in 1882?</subfield><subfield code="z">Cf. Bibl. of Iowa newspapers.</subfield></datafield><datafield ind1=" " ind2=" " tag="500"><subfield code="a">Published as: Independent, &lt;July 14, 1882&gt;.</subfield></datafield><datafield ind1=" " ind2=" " tag="500"><subfield code="a">"Do right and fear not."</subfield></datafield><datafield ind1=" " ind2=" " tag="588"><subfield code="a">Description based on: Vol. 4, no. 17 (Aug. 7, 1879).</subfield></datafield><datafield ind1=" " ind2=" " tag="752"><subfield code="a">United States</subfield><subfield code="b">Iowa</subfield><subfield code="c">Benton</subfield><subfield code="d">Blairstown.</subfield></datafield><datafield ind1="0" ind2="0" tag="785"><subfield code="t">Independent (Belle Plaine, Iowa : 1883)</subfield><subfield code="w">(DLC)sn 85050868</subfield></datafield></record>